@article{matias2021upworthy,
  title={The Upworthy Research Archive, a time series of 32,487 experiments in US media},
  author={Matias, J Nathan and Munger, Kevin and Le Quere, Marianne Aubin and Ebersole, Charles},
  journal={Scientific Data},
  volume={8},
  number={1},
  pages={195},
  year={2021},
  publisher={Nature Publishing Group UK London}
}

@misc{jurafskyspeech,
  title={Speech and Language Processing: An Introduction to Natural Language Processing, Computational Linguistics, and Speech Recognition},
  author={Jurafsky, Daniel and Martin, James H}
}

@article{nagy1984many,
  title={How many words are there in printed school English?},
  author={Nagy, William E and Anderson, Richard C},
  journal={Reading research quarterly},
  pages={304--330},
  year={1984},
  publisher={JSTOR}
}